<?xml version="1.0" encoding="UTF-8"?><collection xmlns="http://www.loc.gov/MARC21/slim"><record><leader>00426nam--2200133-i-4500</leader><controlfield tag="001">000032199</controlfield><controlfield tag="002">20161230</controlfield><controlfield tag="005">20161230201039</controlfield><controlfield tag="008">060222s1000------------r-----000-0-eng-d</controlfield><datafield ind1=" " ind2=" " tag="080"><subfield code="a">614.876</subfield></datafield><datafield ind1=" " ind2=" " tag="245"><subfield code="a">Maximum permissible amounts of radioisotopes in the human body and maximum permissible concentrations in air and water</subfield></datafield><datafield ind1=" " ind2=" " tag="260"><subfield code="a">Washington, U.S.Dept.Of Commerce, 1953, Iv + 45p</subfield></datafield><datafield ind1=" " ind2=" " tag="490"><subfield code="a">N.B.S.Handbook</subfield></datafield><datafield ind1=" " ind2=" " tag="852"><subfield code="a">10795</subfield></datafield></record></collection>